@book{ParallelProgrammingInFuthark,
 author = {Martin Elsman and Troels Henriksen},
 title = {Parallel Programming in Futhark},
 year = {2018},
 url = "https://futhark-book.readthedocs.io"
}
